<record><leader>00000cas a22000007a 4500</leader><controlfield tag="001">15627248</controlfield><controlfield tag="008">870504d19431975iauwr ne      0    0eng d</controlfield><datafield ind1=" " ind2=" " tag="010"><subfield code="a">sn 87057421 </subfield></datafield><datafield ind1=" " ind2=" " tag="040"><subfield code="a">INP</subfield><subfield code="b">eng</subfield><subfield code="c">INP</subfield><subfield code="d">OCLCQ</subfield></datafield><datafield ind1=" " ind2=" " tag="042"><subfield code="a">msc</subfield></datafield><datafield ind1="0" ind2="4" tag="245"><subfield code="a">The Massena news.</subfield></datafield><datafield ind1=" " ind2=" " tag="260"><subfield code="a">Massena, Iowa :</subfield><subfield code="b">F.V. Brower</subfield></datafield><datafield ind1=" " ind2=" " tag="300"><subfield code="a">v. :</subfield><subfield code="b">ill. ;</subfield><subfield code="c">32-55 cm.</subfield></datafield><datafield ind1=" " ind2=" " tag="310"><subfield code="a">Weekly</subfield></datafield><datafield ind1="1" ind2=" " tag="362"><subfield code="a">Issued Nov. 1, 1943-Dec. 1975.</subfield><subfield code="z">Cf. Bibl. of Iowa newspapers.</subfield></datafield><datafield ind1=" " ind2=" " tag="500"><subfield code="a">Includes weekly section called: Bridgewater times, May 1, 1960-&lt;Apr. 26, 1962&gt;; 1970-</subfield></datafield><datafield ind1=" " ind2=" " tag="500"><subfield code="a">Publisher varies.</subfield></datafield><datafield ind1=" " ind2=" " tag="515"><subfield code="a">Occasional issues misdated.</subfield></datafield><datafield ind1=" " ind2=" " tag="588"><subfield code="a">Description based on: Vol. 1, no. 10 (Jan. 7, 1944).</subfield></datafield><datafield ind1=" " ind2=" " tag="752"><subfield code="a">United States</subfield><subfield code="b">Iowa</subfield><subfield code="c">Cass</subfield><subfield code="d">Massena.</subfield></datafield><datafield ind1=" " ind2=" " tag="752"><subfield code="a">United States</subfield><subfield code="b">Iowa</subfield><subfield code="c">Adair</subfield><subfield code="d">Bridgewater.</subfield></datafield><datafield ind1="0" ind2=" " tag="777"><subfield code="t">Bridgewater times</subfield><subfield code="w">(DLC)sn 85050961</subfield><subfield code="g">1948-1960</subfield></datafield><datafield ind1="0" ind2="0" tag="780"><subfield code="t">Massena echo</subfield><subfield code="w">(DLC)sn 87057420</subfield></datafield><datafield ind1="0" ind2="5" tag="780"><subfield code="t">Bridgewater times</subfield><subfield code="w">(DLC)sn 85050961</subfield><subfield code="g">1960</subfield></datafield><datafield ind1="0" ind2="4" tag="785"><subfield code="t">Anita tribune</subfield><subfield code="w">(DLC)sn 86060006</subfield><subfield code="g">Dec. 1975</subfield></datafield></record>